@article{DNA-nature,
    author = {Leslie A. Pray},
    title = "{Discovery of DNA Structure and Function: Watson and Crick}",
    journal = {Scitable},
    year = 2008
}

@Book{Algorithms,
    author    = {Cormen, Thomas H. and Leiserson, Charles E. and Rivest, Ronald L. and Stein, Clifford},
    publisher = "{The MIT Press}",
    title     = "{Introduction to Algorithms}",
    year      = 2009,
    isbn      = "{9780262533058}",
    edition   = "{3rd}",
    note      = "{p. 65-113}"
}

@misc{GenBank,
    author = "{National Institute of Health}",
    title = "{GenBank statistics}",
    howpublished = "\url{www.ncbi.nlm.nih.gov/genbank/statistics/}",
    note = "{Visited May 20th 2015}"
}

@Book{pairingintro,
    author    = {Frank Stajano and Ross Anderson},
    publisher = "{Springer-Verlag Berlin}",
    title     = "{The Resurrecting Duckling: Security Issues for Ad-hoc Wireless Networks}",
    series = "{Lecture Notes in Computer Science}",
    year      = 1999,
    isbn      = "{3540673814}",
    edition   = "{3rd}",
    note      = "{p.  172-182}"
}

@Book{talkingto,
    author = {Dirk Balfanz Smetters and Dirk Balfanz and D. K. Smetters and Paul Stewart and H. Chi Wong},
    title = {Talking To Strangers: Authentication in Ad-Hoc Wireless Networks},
    series = {Ninth Annual Symposium on Network and Distributed System Security},
    year = {2002}
}

@article{ubisound,
    author = {William R. Claycomb and Dongwan Shin},
    title = {Secure device pairing using audio},
    journal = {Proceedings - International Carnahan Conference on Security Technology},
    year = {2009}
}

@Book{hadapep,
    author    = {Claudio Soriente and Gene Tsudik and Ersin Uzun},
    publisher = "{Springer Verlag}",
    title     = "{HAPADEP: Human-assisted pure audio device pairing}",
    journal   = "{Lecture Notes in Computer Science}",
    year      = 2008,
    isbn      = "{3540858849}",
    note      = "{p. 385-400}"
}

@article{laserlight,
    author = {R. Mayrhofer},
    title = {A Human-Verifiable Authentication Protocol Using Visible Laser Light},
    journal = {Availability, Reliability and Security, 2007.},
    year = {2007}
}

@Book{beeplight,
    author    = {Ramnath Prasad and Nitesh Saxena},
    publisher = "{Springer Verlag}",
    title     = "{Efficient device pairing using "human-comparable" synchronized audiovisual patterns}",
    journal   = "{Lecture Notes in Computer Science}",
    year      = 2008,
    isbn      = "{3540689133}",
    note      = "{p. 328-345}"
}

